@article{baslevent_discerning_2011,
	title = {Discerning self-interested behaviour in attitudes towards welfare state responsibilities across {Europe}},
	volume = {20},
	url = {http://sci-hub.cc/http://onlinelibrary.wiley.com/doi/10.1111/j.1468-2397.2010.00751.x/full},
	number = {4},
	urldate = {2017-01-06},
	journal = {International Journal of Social Welfare},
	author = {Baslevent, Cem and Kirmanoglu, Hasan},
	year = {2011},
	pages = {344--352},
	file = {Snapshot:/Users/chapkovski/Library/Application Support/Zotero/Profiles/4da9uliz.default/zotero/storage/RTWDHPBU/full.html:text/html}
}

@article{2012,
  author = {CMS/CERN},
  title = {{A New Boson with a Mass of 125 GeV Observed with the CMS Experiment at the Large Hadron Collider}},
  volume = {338},
  number = {6114},
  pages = {1569-1575},
  year = {2012},
  doi = {10.1126/science.1230816},
  eprint = {http://www.sciencemag.org/content/338/6114/1569.full.pdf},
  journal = {Science},
}


@article{Holstein_2009,
  doi = {10.1088/1742-6596/173/1/012019},
  url = {http://dx.doi.org/10.1088/1742-6596/173/1/012019},
  year = {2009},
  month = {jun},
  publisher = {{IOP} Publishing},
  volume = {173},
  pages = {012019},
  author = {Barry R Holstein},
  title = {{The mysterious disappearance of Ettore Majorana}},
  journal = {J. Phys.: Conf. Ser.},
}


@article{Fong_2007,
  doi = {10.1111/j.1468-0297.2007.02076.x},
  url = {http://dx.doi.org/10.1111/j.1468-0297.2007.02076.x},
  year = {2007},
  month = {jul},
  publisher = {Wiley-Blackwell},
  volume = {117},
  number = {522},
  pages = {1008--1024},
  author = {Christina M. Fong},
  title = {{Evidence from an Experiment on Charity to Welfare Recipients: Reciprocity Altruism and the Empathic Responsiveness Hypothesis}},
  journal = {The Economic Journal},
}


@article{Fong,
  doi = {10.2139/ssrn.556389},
  url = {http://dx.doi.org/10.2139/ssrn.556389},
  publisher = {Elsevier {BV}},
  author = {Christina M. Fong},
  title = {{Empathic Responsiveness: Evidence from a Randomized Experiment on Giving to Welfare Recipients}},
  journal = {{SSRN} Electronic Journal},
}


@article{Arechar,
  doi = {10.2139/ssrn.2884409},
  url = {http://dx.doi.org/10.2139/ssrn.2884409},
  publisher = {Elsevier {BV}},
  author = {Antonio A. Arechar and Simon Gaechter and Lucas Molleman},
  title = {{Conducting Interactive Experiments Online}},
  journal = {{SSRN} Electronic Journal},
}


@article{Buitrago_2009,
  doi = {10.1016/j.socec.2008.09.003},
  url = {http://dx.doi.org/10.1016/j.socec.2008.09.003},
  year = {2009},
  month = {jan},
  publisher = {Elsevier {BV}},
  volume = {38},
  number = {1},
  pages = {80--88},
  author = {Gelkha Buitrago and Werner Gueth and Maria Vittoria Levati},
  title = {{On the relation between impulses to help and causes of neediness: An experimental study}},
  journal = {The Journal of Socio-Economics},
}
